%% Created using Papers on Thu, 02 Feb 2017.
%% http://papersapp.com/papers/

@article{Dingemanse:2016vd,
author = {Dingemanse, Mark and Schuerman, W and Reinisch, E},
title = {{What sound symbolism can and cannot do: testing the iconicity of ideophones from five languages}},
journal = {Science},
year = {2016}
}

@article{Thompson:2016us,
author = {Thompson, Arthur Lewis},
title = {{Who Moo-ved my Cow? The Lexicalization of Onomatopoeia and Imitative Shift in Mandarin}},
journal = {Cambridge Occasional Papers in Linguistics},
year = {2016}
}

@article{Donald:2016kd,
author = {Donald, Merlin},
title = {{Key cognitive preconditions for the evolution of language}},
journal = {Psychonomic Bulletin {\&} Review},
year = {2016}
}

@article{Pinker:2005cv,
author = {Pinker, Steven and Jackendoff, Ray},
title = {{The faculty of language: what's special about it?}},
journal = {Cognition},
year = {2005}
}

@book{Voeltz:2001vv,
author = {Voeltz, FK Erhard and Kilian-Hatz, Christa},
title = {{Ideophones}},
publisher = {John Benjamins Publishing},
year = {2001}
}

@article{Tardif:2008gg,
author = {Tardif, Twila and Fletcher, Paul and Liang, Weilan and Zhang, Zhixiang and Kaciroti, Niko and Marchman, Virginia A},
title = {{Baby's first 10 words.}},
journal = {Developmental Psychology},
year = {2008}
}

@book{Anonymous:aQS8-4pK,
editor = {Dennis, Wayne},
title = {{Readings in the history of psychology}},
publisher = {Appleton-Century-Crofts}
}

@article{Tamariz:2014gr,
author = {Tamariz, Monica and Kirby, Simon},
title = {{Culture: Copying, Compression, and Conventionality}},
journal = {Cognitive Science},
year = {2014}
}

@article{Laing:2016bo,
author = {Laing, Catherine E and Vihman, Marilyn and Keren-Portnoy, Tamar},
title = {{How salient are onomatopoeia in the early input? A prosodic analysis of infant-directed speech.}},
journal = {Journal of child language},
year = {2016}
}

@article{Lemaitre:2016kz,
author = {Lemaitre, Guillaume and Houix, Olivier and Voisin, Fr{\'e}d{\'e}ric and Misdariis, Nicolas and Susini, Patrick},
title = {{Vocal Imitations of Non-Vocal Sounds}},
journal = {PloS one},
year = {2016}
}

@article{DeCarolis:2017hw,
author = {De Carolis, L{\'e}a and Marsico, Egidio and Coup{\'e}, Christophe},
title = {{Evolutionary roots of sound symbolism. Association tasks of animal properties with phonetic features}},
journal = {Language Sciences},
year = {2017}
}

@article{Rhodes:1994au,
author = {Rhodes, Richard},
title = {{Aural images}},
journal = {Sound symbolism},
year = {1994}
}

@article{Brown:1955wy,
author = {Brown, R W and Black, A H and Horowitz, A E},
title = {{Phonetic symbolism in natural languages.}},
journal = {Journal of abnormal psychology},
year = {1955}
}

@article{Dingemanse:2016dg,
author = {Dingemanse, Mark and Akita, Kimi},
title = {{An inverse relation between expressiveness and grammatical integration: On the morphosyntactic typology of ideophones, with special reference to Japanese}},
journal = {Journal of Linguistics},
year = {2016}
}

@article{Thompson:2011jp,
author = {Thompson, Patrick D and Estes, Zachary},
title = {{Sound symbolic naming of novel objects is a graded function}},
journal = {The Quarterly Journal of Experimental Psychology},
year = {2011}
}

@article{Imai:2014deb,
author = {Imai, M and Kita, S},
title = {{The sound symbolism bootstrapping hypothesis for language acquisition and language evolution}},
journal = {Philosophical Transactions of the Royal Society B: Biological Sciences},
year = {2014}
}

@article{Lemaitre:2014kr,
author = {Lemaitre, Guillaume and Rocchesso, Davide},
title = {{On the effectiveness of vocal imitations and verbal descriptions of sounds}},
journal = {The Journal of the Acoustical Society of America},
year = {2014}
}

@incollection{Locke:1948eu,
author = {Locke, John},
title = {{An essay concerning human understanding}},
booktitle = {Readings in the history of psychology},
year = {1948}
}

@incollection{Lewis:2009wz,
author = {Lewis, J},
title = {{As well as words: Congo Pygmy hunting, mimicry, and play}},
booktitle = {The cradle of language},
year = {2009}
}

@book{Botha:5Hh5O_ng,
editor = {Botha, Rudolf and Knight, Chris},
title = {{The cradle of language}},
publisher = {Oxford University Press}
}

@article{Dingemanse:2012fc,
author = {Dingemanse, Mark},
title = {{Advances in the Cross-Linguistic Study of Ideophones}},
journal = {Language and Linguistics Compass},
year = {2012}
}

@article{Clark:1990cl,
author = {Clark, Herbert H and Gerrig, Richard J},
title = {{Quotations as Demonstrations}},
journal = {Language, Cognition, and Neuroscience},
year = {1990}
}

@article{Imai:2014dea,
author = {Imai, M and Kita, S},
title = {{The sound symbolism bootstrapping hypothesis for language acquisition and language evolution}},
journal = {Philosophical Transactions of the Royal Society B: Biological Sciences},
year = {2014}
}

@article{Edmiston:2015he,
author = {Edmiston, Pierce and Lupyan, Gary},
title = {{What makes words special? Words as unmotivated cues}},
journal = {Cognition},
year = {2015}
}

@book{Plato:1999uk,
author = {{Plato} and Reeve, C D C},
title = {{Cratylus}},
publisher = {Hackett},
year = {1999}
}

@article{Perlman:2015ip,
author = {Perlman, Marcus and Dale, R and Lupyan, Gary},
title = {{Iconicity can ground the creation of vocal symbols}},
journal = {Royal Society Open Science},
year = {2015}
}

@article{Blackwell:2015ix,
author = {Blackwell, Natalia L and Perlman, Marcus and Tree, Jean E Fox},
title = {{Quotation as a multimodal construction}},
journal = {Journal of Pragmatics},
year = {2015}
}

